<?xml version="1.0" encoding="UTF-8"?>
<record xmlns="http://www.loc.gov/MARC21/slim"
        xmlns:oclcterms="http://purl.org/oclc/terms/"
        xmlns:dc="http://purl.org/dc/elements/1.1/"
        xmlns:diag="http://www.loc.gov/zing/srw/diagnostic/"
        xmlns:xsi="http://www.w3.org/2001/XMLSchema-instance">
   <leader>00000cam a2200000Ia 4500</leader>
   <controlfield tag="001">34482797</controlfield>
   <controlfield tag="008">960328s1995 dcua f000 0 eng d</controlfield>
   <datafield ind1=" " ind2=" " tag="040">
      <subfield code="a">CPP</subfield>
      <subfield code="b">eng</subfield>
      <subfield code="c">CPP</subfield>
      <subfield code="d">GPO</subfield>
      <subfield code="d">CUY</subfield>
      <subfield code="d">AGL</subfield>
      <subfield code="d">B9K</subfield>
      <subfield code="d">OCLCQ</subfield>
      <subfield code="d">IAD</subfield>
      <subfield code="d">OCLCA</subfield>
      <subfield code="d">OCLCF</subfield>
      <subfield code="d">OCLCQ</subfield>
      <subfield code="d">OCLCO</subfield>
      <subfield code="d">OCLCA</subfield>
      <subfield code="d">OCL</subfield>
      <subfield code="d">OCLCA</subfield>
      <subfield code="d">VGM</subfield>
      <subfield code="d">CTD</subfield>
      <subfield code="d">CTB</subfield>
      <subfield code="d">RCE</subfield>
      <subfield code="d">INT</subfield>
      <subfield code="d">OCLCQ</subfield>
      <subfield code="d">FUG</subfield>
      <subfield code="d">OCLCQ</subfield>
      <subfield code="d">CUT</subfield>
   </datafield>
   <datafield ind1=" " ind2=" " tag="019">
      <subfield code="a">34166700</subfield>
      <subfield code="a">35852459</subfield>
      <subfield code="a">1225656987</subfield>
   </datafield>
   <datafield ind1=" " ind2=" " tag="037">
      <subfield code="a">001-000-04625-0</subfield>
      <subfield code="b">GPO</subfield>
   </datafield>
   <datafield ind1=" " ind2=" " tag="043">
      <subfield code="a">n-us---</subfield>
   </datafield>
   <datafield ind1=" " ind2="4" tag="050">
      <subfield code="a">TX360.U6</subfield>
      <subfield code="b">N853 1995</subfield>
   </datafield>
   <datafield ind1="0" ind2=" " tag="070">
      <subfield code="a">1</subfield>
      <subfield code="b">Ag84Hg no.232 1995</subfield>
   </datafield>
   <datafield ind1=" " ind2="0" tag="072">
      <subfield code="a">T000</subfield>
   </datafield>
   <datafield ind1=" " ind2=" " tag="074">
      <subfield code="a">0011</subfield>
   </datafield>
   <datafield ind1=" " ind2=" " tag="074">
      <subfield code="a">0011 (online)</subfield>
   </datafield>
   <datafield ind1="0" ind2="4" tag="082">
      <subfield code="a">613.2</subfield>
   </datafield>
   <datafield ind1="0" ind2=" " tag="086">
      <subfield code="a">A 1.77:232/995</subfield>
   </datafield>
   <datafield ind1="0" ind2="0" tag="245">
      <subfield code="a">Nutrition and your health :</subfield>
      <subfield code="b">dietary guidelines for Americans.</subfield>
   </datafield>
   <datafield ind1="3" ind2="0" tag="246">
      <subfield code="a">Dietary guidelines for Americans</subfield>
   </datafield>
   <datafield ind1=" " ind2=" " tag="250">
      <subfield code="a">4th ed.</subfield>
   </datafield>
   <datafield ind1=" " ind2=" " tag="260">
      <subfield code="a">[Washington, D.C.?] :</subfield>
      <subfield code="b">U.S. Dept. of Agriculture :</subfield>
      <subfield code="b">U.S. Dept. of Health and Human Services,</subfield>
      <subfield code="c">1995.</subfield>
   </datafield>
   <datafield ind1=" " ind2=" " tag="300">
      <subfield code="a">43 pages :</subfield>
      <subfield code="b">illustrations (some color) ;</subfield>
      <subfield code="c">23 x 10 cm.</subfield>
   </datafield>
   <datafield ind1=" " ind2=" " tag="336">
      <subfield code="a">text</subfield>
      <subfield code="b">txt</subfield>
      <subfield code="2">rdacontent</subfield>
   </datafield>
   <datafield ind1=" " ind2=" " tag="337">
      <subfield code="a">unmediated</subfield>
      <subfield code="b">n</subfield>
      <subfield code="2">rdamedia</subfield>
   </datafield>
   <datafield ind1=" " ind2=" " tag="338">
      <subfield code="a">volume</subfield>
      <subfield code="b">nc</subfield>
      <subfield code="2">rdacarrier</subfield>
   </datafield>
   <datafield ind1="1" ind2=" " tag="490">
      <subfield code="a">Home and garden bulletin ;</subfield>
      <subfield code="v">no. 232</subfield>
   </datafield>
   <datafield ind1=" " ind2=" " tag="500">
      <subfield code="a">Cover title.</subfield>
   </datafield>
   <datafield ind1=" " ind2=" " tag="500">
      <subfield code="a">Shipping list no.: 96-0123-P.</subfield>
   </datafield>
   <datafield ind1=" " ind2=" " tag="500">
      <subfield code="a">"December 1995"--Page 3 of cover.</subfield>
   </datafield>
   <datafield ind1=" " ind2=" " tag="530">
      <subfield code="a">Also available via Internet from the NAL web site. Address as of
              11/17/99: http://www.nalusda.gov/fnic/dga/dga95.html; current access available via
              PURL.</subfield>
   </datafield>
   <datafield ind1=" " ind2="0" tag="650">
      <subfield code="a">Diet</subfield>
      <subfield code="z">United States.</subfield>
   </datafield>
   <datafield ind1=" " ind2="0" tag="650">
      <subfield code="a">Nutrition</subfield>
      <subfield code="z">United States.</subfield>
   </datafield>
   <datafield ind1=" " ind2="7" tag="650">
      <subfield code="a">Diet.</subfield>
      <subfield code="2">fast</subfield>
      <subfield code="0">(OCoLC)fst00893284</subfield>
   </datafield>
   <datafield ind1=" " ind2="7" tag="650">
      <subfield code="a">Nutrition.</subfield>
      <subfield code="2">fast</subfield>
      <subfield code="0">(OCoLC)fst01042187</subfield>
   </datafield>
   <datafield ind1=" " ind2="7" tag="651">
      <subfield code="a">United States.</subfield>
      <subfield code="2">fast</subfield>
      <subfield code="0">(OCoLC)fst01204155</subfield>
   </datafield>
   <datafield ind1="1" ind2=" " tag="710">
      <subfield code="a">United States.</subfield>
      <subfield code="b">Department of Agriculture.</subfield>
   </datafield>
   <datafield ind1="1" ind2=" " tag="710">
      <subfield code="a">United States.</subfield>
      <subfield code="b">Department of Health and Human Services.</subfield>
   </datafield>
   <datafield ind1="0" ind2="8" tag="776">
      <subfield code="i">Online version:</subfield>
      <subfield code="t">Nutrition and your health.</subfield>
      <subfield code="b">4th ed.</subfield>
      <subfield code="d">[Washington, D.C.?] : U.S. Dept. of Agriculture : U.S. Dept. of
              Health and Human Services, 1995</subfield>
      <subfield code="w">(OCoLC)623649239</subfield>
   </datafield>
   <datafield ind1=" " ind2="0" tag="830">
      <subfield code="a">Home and garden bulletin ;</subfield>
      <subfield code="v">no. 232.</subfield>
   </datafield>
   <datafield ind1="4" ind2="1" tag="856">
      <subfield code="u">https://purl.fdlp.gov/GPO/LPS3609</subfield>
   </datafield>
   <datafield ind1="4" ind2="1" tag="856">
      <subfield code="u">http://www.cnpp.usda.gov/sites/default/files/dietary_guidelines_for_americans/1995DGConsumerBrochure.pdf</subfield>
   </datafield>
   <datafield ind1="4" ind2="1" tag="856">
      <subfield code="u">http://vm.cfsan.fda.gov/%7Elrd/nutguide.txt</subfield>
   </datafield>
   <datafield ind1="4" ind2="1" tag="856">
      <subfield code="u">http://www.nalusda.gov/fnic/Dietary/dietgdln.pdf</subfield>
      <subfield code="z">Online Version:</subfield>
      <subfield code="z">Permanent link</subfield>
   </datafield>
   <datafield ind1="4" ind2="1" tag="856">
      <subfield code="u">http://www.nalusda.gov/fnic/dga/dga95.html</subfield>
      <subfield code="z">connect to online version.</subfield>
   </datafield>
   <datafield ind1="4" ind2=" " tag="856">
      <subfield code="u">http://vm.cfsan.fda.gov/~dms/nutguide.html</subfield>
   </datafield>
   <datafield ind1="4" ind2=" " tag="856">
      <subfield code="u">http://vm.cfsan.fda.gov/l̃rd/nutguide.text</subfield>
   </datafield>
   <datafield ind1="4" ind2=" " tag="856">
      <subfield code="u">http://vm.cfsan.fda.gov/l̃rd/nutguide.txt</subfield>
   </datafield>
   <datafield ind1="4" ind2=" " tag="856">
      <subfield code="u">http://ufdc.ufl.edu/AA00013767</subfield>
      <subfield code="y">University of Florida Digital Collections, Full view</subfield>
   </datafield>
   <datafield ind1="7" ind2=" " tag="856">
      <subfield code="u">http://www.cfsan.fda.gov/~dms/nutguide.html</subfield>
      <subfield code="2">http</subfield>
   </datafield>
</record>
